@ARTICLE{2020MNRAS.496..223W,
       author = {{Weber}, Michael L. and {Ercolano}, Barbara and {Picogna}, Giovanni and {Hartmann}, Lee and {Rodenkirch}, Peter J.},
        title = "{The interpretation of protoplanetary disc wind diagnostic lines from X-ray photoevaporation and analytical MHD models}",
      journal = {\mnras},
     keywords = {protoplanetary discs, Astrophysics - Solar and Stellar Astrophysics, Astrophysics - Earth and Planetary Astrophysics, Astrophysics - Astrophysics of Galaxies},
         year = 2020,
        month = jul,
       volume = {496},
       number = {1},
        pages = {223-244},
          doi = {10.1093/mnras/staa1549},
archivePrefix = {arXiv},
       eprint = {2005.14312},
 primaryClass = {astro-ph.SR},
       adsurl = {https://ui.adsabs.harvard.edu/abs/2020MNRAS.496..223W},
      adsnote = {Provided by the SAO/NASA Astrophysics Data System}
}

@ARTICLE{2017RSOS....470114E,
       author = {{Ercolano}, Barbara and {Pascucci}, Ilaria},
        title = "{The dispersal of planet-forming discs: theory confronts observations}",
      journal = {Royal Society Open Science},
     keywords = {Astrophysics - Earth and Planetary Astrophysics},
         year = 2017,
        month = apr,
       volume = {4},
       number = {4},
          eid = {170114},
        pages = {170114},
          doi = {10.1098/rsos.170114},
archivePrefix = {arXiv},
       eprint = {1704.00214},
 primaryClass = {astro-ph.EP},
       adsurl = {https://ui.adsabs.harvard.edu/abs/2017RSOS....470114E},
      adsnote = {Provided by the SAO/NASA Astrophysics Data System}
}

@ARTICLE{2013MNRAS.428.3327K,
       author = {{Koepferl}, C.~M. and {Ercolano}, B. and {Dale}, J. and {Teixeira}, P.~S. and {Ratzka}, T. and {Spezzi}, L.},
        title = "{Disc clearing of young stellar objects: evidence for fast inside-out dispersal}",
      journal = {\mnras},
     keywords = {accretion, accretion discs, radiative transfer, protoplanetary discs, circumstellar matter, planetary systems, stars: pre-main-sequence, Astrophysics - Solar and Stellar Astrophysics, Astrophysics - Earth and Planetary Astrophysics},
         year = 2013,
        month = feb,
       volume = {428},
       number = {4},
        pages = {3327-3354},
          doi = {10.1093/mnras/sts276},
archivePrefix = {arXiv},
       eprint = {1210.6268},
 primaryClass = {astro-ph.SR},
       adsurl = {https://ui.adsabs.harvard.edu/abs/2013MNRAS.428.3327K},
      adsnote = {Provided by the SAO/NASA Astrophysics Data System}
}

@ARTICLE{1969ApJ...156..943T,
       author = {{Tarter}, C. Bruce and {Tucker}, Wallace H. and {Salpeter}, Edwin E.},
        title = "{The Interaction of X-Ray Sources with Optically Thin Environments}",
      journal = {\apj},
         year = 1969,
        month = jun,
       volume = {156},
        pages = {943},
          doi = {10.1086/150026},
       adsurl = {https://ui.adsabs.harvard.edu/abs/1969ApJ...156..943T},
      adsnote = {Provided by the SAO/NASA Astrophysics Data System}
}

@ARTICLE{2013ApJ...771..129A,
       author = {{Andrews}, Sean M. and {Rosenfeld}, Katherine A. and {Kraus}, Adam L. and {Wilner}, David J.},
        title = "{The Mass Dependence between Protoplanetary Disks and their Stellar Hosts}",
      journal = {\apj},
     keywords = {protoplanetary disks, submillimeter: planetary systems, Astrophysics - Solar and Stellar Astrophysics},
         year = 2013,
        month = jul,
       volume = {771},
       number = {2},
          eid = {129},
        pages = {129},
          doi = {10.1088/0004-637X/771/2/129},
archivePrefix = {arXiv},
       eprint = {1305.5262},
 primaryClass = {astro-ph.SR},
       adsurl = {https://ui.adsabs.harvard.edu/abs/2013ApJ...771..129A},
      adsnote = {Provided by the SAO/NASA Astrophysics Data System}
}

@ARTICLE{2017A&A...604A.127M,
       author = {{Manara}, C.~F. and {Testi}, L. and {Herczeg}, G.~J. and {Pascucci}, I. and {Alcal{\'a}}, J.~M. and {Natta}, A. and {Antoniucci}, S. and {Fedele}, D. and {Mulders}, G.~D. and {Henning}, T. and {Mohanty}, S. and {Prusti}, T. and {Rigliaco}, E.},
        title = "{X-shooter study of accretion in Chamaeleon I. II. A steeper increase of accretion with stellar mass for very low-mass stars?}",
      journal = {\aap},
     keywords = {stars: pre-main sequence, stars: variables: T Tauri, Herbig Ae/Be, accretion, accretion disks, protoplanetary disks, open clusters and associations: individual: Chamaeleon I, Astrophysics - Solar and Stellar Astrophysics, Astrophysics - Earth and Planetary Astrophysics},
         year = 2017,
        month = aug,
       volume = {604},
          eid = {A127},
        pages = {A127},
          doi = {10.1051/0004-6361/201630147},
archivePrefix = {arXiv},
       eprint = {1704.02842},
 primaryClass = {astro-ph.SR},
       adsurl = {https://ui.adsabs.harvard.edu/abs/2017A&A...604A.127M},
      adsnote = {Provided by the SAO/NASA Astrophysics Data System}
}

@ARTICLE{2011A&A...526A..21B,
       author = {{Barrado}, D. and {Stelzer}, B. and {Morales-Calder{\'o}n}, M. and {Bayo}, A. and {Hu{\'e}lamo}, N. and {Stauffer}, J.~R. and {Hodgkin}, S. and {Galindo}, F. and {Verdugo}, E.},
        title = "{XMM-Newton investigations of the Lambda Orionis star-forming region (XILO). I. The young cluster Collinder 69}",
      journal = {\aap},
     keywords = {stars: coronae, stars: late-type, stars: solar-type, X-rays: stars, open clusters and associations: individual:, Collinder 69, stars: pre-main sequence, Astrophysics - Astrophysics of Galaxies},
         year = 2011,
        month = feb,
       volume = {526},
          eid = {A21},
        pages = {A21},
          doi = {10.1051/0004-6361/201014732},
archivePrefix = {arXiv},
       eprint = {1010.2461},
 primaryClass = {astro-ph.GA},
       adsurl = {https://ui.adsabs.harvard.edu/abs/2011A&A...526A..21B},
      adsnote = {Provided by the SAO/NASA Astrophysics Data System}
}

@ARTICLE{2021A&A...648A.121F,
       author = {{Flaischlen}, S. and {Preibisch}, T. and {Manara}, C.~F. and {Ercolano}, B.},
        title = "{Testing the models of X-ray driven photoevaporation with accreting stars in the Orion Nebula Cluster}",
      journal = {\aap},
     keywords = {protoplanetary disks, stars: pre-main sequence, planetary systems, stars: statistics, X-rays: stars, Astrophysics - Solar and Stellar Astrophysics, Astrophysics - High Energy Astrophysical Phenomena},
         year = 2021,
        month = apr,
       volume = {648},
          eid = {A121},
        pages = {A121},
          doi = {10.1051/0004-6361/202039746},
archivePrefix = {arXiv},
       eprint = {2103.03039},
 primaryClass = {astro-ph.SR},
       adsurl = {https://ui.adsabs.harvard.edu/abs/2021A&A...648A.121F},
      adsnote = {Provided by the SAO/NASA Astrophysics Data System}
}

@ARTICLE{2017A&A...600A..20A,
       author = {{Alcal{\'a}}, J.~M. and {Manara}, C.~F. and {Natta}, A. and {Frasca}, A. and {Testi}, L. and {Nisini}, B. and {Stelzer}, B. and {Williams}, J.~P. and {Antoniucci}, S. and {Biazzo}, K. and {Covino}, E. and {Esposito}, M. and {Getman}, F. and {Rigliaco}, E.},
        title = "{X-shooter spectroscopy of young stellar objects in Lupus. Accretion properties of class II and transitional objects}",
      journal = {\aap},
     keywords = {stars: pre-main sequence, stars: low-mass, accretion, accretion disks, open clusters and associations: individual: Lupus, Astrophysics - Solar and Stellar Astrophysics, Astrophysics - Astrophysics of Galaxies},
         year = 2017,
        month = apr,
       volume = {600},
          eid = {A20},
        pages = {A20},
          doi = {10.1051/0004-6361/201629929},
archivePrefix = {arXiv},
       eprint = {1612.07054},
 primaryClass = {astro-ph.SR},
       adsurl = {https://ui.adsabs.harvard.edu/abs/2017A&A...600A..20A},
      adsnote = {Provided by the SAO/NASA Astrophysics Data System}
}

@ARTICLE{2021A&A...652A..72A,
       author = {{Alcal{\'a}}, J.~M. and {Gangi}, M. and {Biazzo}, K. and {Antoniucci}, S. and {Frasca}, A. and {Giannini}, T. and {Munari}, U. and {Nisini}, B. and {Harutyunyan}, A. and {Manara}, C.~F. and {Vitali}, F.},
        title = "{GIARPS High-resolution Observations of T Tauri stars (GHOsT). III. A pilot study of stellar and accretion properties}",
      journal = {\aap},
     keywords = {stars: pre-main sequence, stars: low-mass, accretion, accretion disks, protoplanetary disks, stars: variables: T Tauri, Herbig Ae/Be, Astrophysics - Solar and Stellar Astrophysics, Astrophysics - Earth and Planetary Astrophysics},
         year = 2021,
        month = aug,
       volume = {652},
          eid = {A72},
        pages = {A72},
          doi = {10.1051/0004-6361/202140918},
archivePrefix = {arXiv},
       eprint = {2106.10724},
 primaryClass = {astro-ph.SR},
       adsurl = {https://ui.adsabs.harvard.edu/abs/2021A&A...652A..72A},
      adsnote = {Provided by the SAO/NASA Astrophysics Data System}
}

@ARTICLE{2012ApJ...755..154M,
       author = {{Manara}, C.~F. and {Robberto}, M. and {Da Rio}, N. and {Lodato}, G. and {Hillenbrand}, L.~A. and {Stassun}, K.~G. and {Soderblom}, D.~R.},
        title = "{Hubble Space Telescope Measures of Mass Accretion Rates in the Orion Nebula Cluster}",
      journal = {\apj},
     keywords = {accretion, accretion disks, protoplanetary disks, stars: formation, stars: pre-main sequence, Astrophysics - Astrophysics of Galaxies, Astrophysics - Solar and Stellar Astrophysics},
         year = 2012,
        month = aug,
       volume = {755},
       number = {2},
          eid = {154},
        pages = {154},
          doi = {10.1088/0004-637X/755/2/154},
archivePrefix = {arXiv},
       eprint = {1206.4319},
 primaryClass = {astro-ph.GA},
       adsurl = {https://ui.adsabs.harvard.edu/abs/2012ApJ...755..154M},
      adsnote = {Provided by the SAO/NASA Astrophysics Data System}
}

@ARTICLE{2014A&A...572A..62A,
       author = {{Antoniucci}, S. and {Garc{\'\i}a L{\'o}pez}, R. and {Nisini}, B. and {Caratti o Garatti}, A. and {Giannini}, T. and {Lorenzetti}, D.},
        title = "{POISSON project. III. Investigating the evolution of the mass accretion rate}",
      journal = {\aap},
     keywords = {stars: formation, stars: pre-main sequence, stars: evolution, infrared: stars, accretion, accretion disks, Astrophysics - Solar and Stellar Astrophysics},
         year = 2014,
        month = dec,
       volume = {572},
          eid = {A62},
        pages = {A62},
          doi = {10.1051/0004-6361/201423929},
archivePrefix = {arXiv},
       eprint = {1410.0181},
 primaryClass = {astro-ph.SR},
       adsurl = {https://ui.adsabs.harvard.edu/abs/2014A&A...572A..62A},
      adsnote = {Provided by the SAO/NASA Astrophysics Data System}
}

@ARTICLE{2016ARA&A..54..135H,
       author = {{Hartmann}, Lee and {Herczeg}, Gregory and {Calvet}, Nuria},
        title = "{Accretion onto Pre-Main-Sequence Stars}",
      journal = {\araa},
         year = 2016,
        month = sep,
       volume = {54},
        pages = {135-180},
          doi = {10.1146/annurev-astro-081915-023347},
       adsurl = {https://ui.adsabs.harvard.edu/abs/2016ARA&A..54..135H},
      adsnote = {Provided by the SAO/NASA Astrophysics Data System}
}

@ARTICLE{2016ApJ...821...80B,
       author = {{Bai}, Xue-Ning},
        title = "{Towards a Global Evolutionary Model of Protoplanetary Disks}",
      journal = {\apj},
     keywords = {accretion, accretion disks, magnetohydrodynamics: MHD, methods: numerical, Astrophysics - Earth and Planetary Astrophysics, Astrophysics - Solar and Stellar Astrophysics},
         year = 2016,
        month = apr,
       volume = {821},
       number = {2},
          eid = {80},
        pages = {80},
          doi = {10.3847/0004-637X/821/2/80},
archivePrefix = {arXiv},
       eprint = {1603.00484},
 primaryClass = {astro-ph.EP},
       adsurl = {https://ui.adsabs.harvard.edu/abs/2016ApJ...821...80B},
      adsnote = {Provided by the SAO/NASA Astrophysics Data System}
}

@ARTICLE{2004ApJ...608..526L,
       author = {{Liu}, Michael C. and {Matthews}, Brenda C. and {Williams}, Jonathan P. and {Kalas}, Paul G.},
        title = "{A Submillimeter Search of Nearby Young Stars for Cold Dust: Discovery of Debris Disks around Two Low-Mass Stars}",
      journal = {\apj},
     keywords = {Stars: Circumstellar Matter, Stars: Planetary Systems: Formation, Stars: Planetary Systems: Protoplanetary Disks, Stars: Late-Type, Astrophysics},
         year = 2004,
        month = jun,
       volume = {608},
       number = {1},
        pages = {526-532},
          doi = {10.1086/392531},
archivePrefix = {arXiv},
       eprint = {astro-ph/0403131},
 primaryClass = {astro-ph},
       adsurl = {https://ui.adsabs.harvard.edu/abs/2004ApJ...608..526L},
      adsnote = {Provided by the SAO/NASA Astrophysics Data System}
}

@ARTICLE{2005AJ....129.1049C,
       author = {{Carpenter}, John M. and {Wolf}, Sebastian and {Schreyer}, Katharina and {Launhardt}, Ralf and {Henning}, Thomas},
        title = "{Evolution of Cold Circumstellar Dust around Solar-type Stars}",
      journal = {\aj},
     keywords = {Stars: Circumstellar Matter, Stars: Individual: Henry Draper Number: HD 107146, Stars: Individual: Alphanumeric: PDS 66, Stars: Individual: Alphanumeric: RX J1842.9-3532, Stars: Individual: Alphanumeric: RX J1852.3-3700, Astrophysics},
         year = 2005,
        month = feb,
       volume = {129},
       number = {2},
        pages = {1049-1062},
          doi = {10.1086/427131},
archivePrefix = {arXiv},
       eprint = {astro-ph/0411020},
 primaryClass = {astro-ph},
       adsurl = {https://ui.adsabs.harvard.edu/abs/2005AJ....129.1049C},
      adsnote = {Provided by the SAO/NASA Astrophysics Data System}
}

@ARTICLE{2006ApJ...639.1138S,
       author = {{Silverstone}, M.~D. and {Meyer}, M.~R. and {Mamajek}, E.~E. and {Hines}, D.~C. and {Hillenbrand}, L.~A. and {Najita}, J. and {Pascucci}, I. and {Bouwman}, J. and {Kim}, J.~S. and {Carpenter}, J.~M. and {Stauffer}, J.~R. and {Backman}, D.~E. and {Moro-Martin}, A. and {Henning}, T. and {Wolf}, S. and {Brooke}, T.~Y. and {Padgett}, D.~L.},
        title = "{Formation and Evolution of Planetary Systems (FEPS): Primordial Warm Dust Evolution from 3 to 30 Myr around Sun-like Stars}",
      journal = {\apj},
     keywords = {Infrared: Stars, Stars: Planetary Systems: Protoplanetary Disks, Stars: Formation, Stars: Pre-Main-Sequence, Astrophysics},
         year = 2006,
        month = mar,
       volume = {639},
       number = {2},
        pages = {1138-1146},
          doi = {10.1086/499418},
archivePrefix = {arXiv},
       eprint = {astro-ph/0511250},
 primaryClass = {astro-ph},
       adsurl = {https://ui.adsabs.harvard.edu/abs/2006ApJ...639.1138S},
      adsnote = {Provided by the SAO/NASA Astrophysics Data System}
}

@ARTICLE{2006ApJ...648.1206J,
       author = {{Jayawardhana}, Ray and {Coffey}, Jaime and {Scholz}, Alexander and {Brandeker}, Alexis and {van Kerkwijk}, Marten H.},
        title = "{Accretion Disks around Young Stars: Lifetimes, Disk Locking, and Variability}",
      journal = {\apj},
     keywords = {Accretion, Accretion Disks, Stars: Circumstellar Matter, Galaxy: Open Clusters and Associations: Individual: Name: {\ensuremath{\eta}} Chamaeleontis, Galaxy: Open Clusters and Associations: Individual: Name: TW Hydrae, Galaxy: Open Clusters and Associations: Individual: Name: {\ensuremath{\beta}} Pictoris, open clusters and associations: individual (Tucanae-Horologium), Stars: Planetary Systems, Stars: Formation, Stars: Low-Mass, Brown Dwarfs, Astrophysics},
         year = 2006,
        month = sep,
       volume = {648},
       number = {2},
        pages = {1206-1218},
          doi = {10.1086/506171},
archivePrefix = {arXiv},
       eprint = {astro-ph/0605601},
 primaryClass = {astro-ph},
       adsurl = {https://ui.adsabs.harvard.edu/abs/2006ApJ...648.1206J},
      adsnote = {Provided by the SAO/NASA Astrophysics Data System}
}

@ARTICLE{2007ApJ...671.1784H,
       author = {{Hern{\'a}ndez}, Jes{\'u}s and {Calvet}, Nuria and {Brice{\~n}o}, C. and {Hartmann}, L. and {Vivas}, A.~K. and {Muzerolle}, J. and {Downes}, J. and {Allen}, L. and {Gutermuth}, R.},
        title = "{Spitzer Observations of the Orion OB1 Association: Disk Census in the Low-Mass Stars}",
      journal = {\apj},
     keywords = {Infrared: Stars, open clusters and associations: individual (Orion OB1 association), Stars: Planetary Systems: Protoplanetary Disks, Stars: Pre-Main-Sequence, Astrophysics},
         year = 2007,
        month = dec,
       volume = {671},
       number = {2},
        pages = {1784-1799},
          doi = {10.1086/522882},
archivePrefix = {arXiv},
       eprint = {0709.0912},
 primaryClass = {astro-ph},
       adsurl = {https://ui.adsabs.harvard.edu/abs/2007ApJ...671.1784H},
      adsnote = {Provided by the SAO/NASA Astrophysics Data System}
}

@ARTICLE{2010A&A...510A..72F,
       author = {{Fedele}, D. and {van den Ancker}, M.~E. and {Henning}, Th. and {Jayawardhana}, R. and {Oliveira}, J.~M.},
        title = "{Timescale of mass accretion in pre-main-sequence stars}",
      journal = {\aap},
     keywords = {accretion, accretion disks, stars: pre-main sequence, planetary systems:, protoplanetary disks, Astrophysics - Solar and Stellar Astrophysics, Astrophysics - Earth and Planetary Astrophysics},
         year = 2010,
        month = feb,
       volume = {510},
          eid = {A72},
        pages = {A72},
          doi = {10.1051/0004-6361/200912810},
archivePrefix = {arXiv},
       eprint = {0911.3320},
 primaryClass = {astro-ph.SR},
       adsurl = {https://ui.adsabs.harvard.edu/abs/2010A&A...510A..72F},
      adsnote = {Provided by the SAO/NASA Astrophysics Data System}
}

@ARTICLE{2015A&A...576A..52R,
       author = {{Ribas}, {\'A}lvaro and {Bouy}, Herv{\'e} and {Mer{\'\i}n}, Bruno},
        title = "{Protoplanetary disk lifetimes vs. stellar mass and possible implications for giant planet populations}",
      journal = {\aap},
     keywords = {protoplanetary disks, planet-disk interactions, stars: formation, planetary systems, stars: pre-main sequence, Astrophysics - Solar and Stellar Astrophysics},
         year = 2015,
        month = apr,
       volume = {576},
          eid = {A52},
        pages = {A52},
          doi = {10.1051/0004-6361/201424846},
archivePrefix = {arXiv},
       eprint = {1502.00631},
 primaryClass = {astro-ph.SR},
       adsurl = {https://ui.adsabs.harvard.edu/abs/2015A&A...576A..52R},
      adsnote = {Provided by the SAO/NASA Astrophysics Data System}
}

@ARTICLE{1983ApJ...271...70B,
       author = {{Begelman}, M.~C. and {McKee}, C.~F. and {Shields}, G.~A.},
        title = "{Compton heated winds and coronae above accretion disks. I. Dynamics.}",
      journal = {\apj},
     keywords = {Accretion Disks, Stellar Coronas, Stellar Mass Accretion, Stellar Winds, X Ray Astronomy, Active Galactic Nuclei, Binary Stars, Hydrodynamic Equations, Quasars, Stellar Mass Ejection, X Ray Binaries, X Ray Sources, Astrophysics},
         year = 1983,
        month = aug,
       volume = {271},
        pages = {70-88},
          doi = {10.1086/161178},
       adsurl = {https://ui.adsabs.harvard.edu/abs/1983ApJ...271...70B},
      adsnote = {Provided by the SAO/NASA Astrophysics Data System}
}

@ARTICLE{2021arXiv210605247R,
       author = {{Rilinger}, Anneliese M. and {Espaillat}, Catherine C.},
        title = "{Disk Masses and Dust Evolution of Protoplanetary Disks Around Brown Dwarfs}",
      journal = {arXiv e-prints},
     keywords = {Astrophysics - Solar and Stellar Astrophysics, Astrophysics - Earth and Planetary Astrophysics},
         year = 2021,
        month = jun,
          eid = {arXiv:2106.05247},
        pages = {arXiv:2106.05247},
archivePrefix = {arXiv},
       eprint = {2106.05247},
 primaryClass = {astro-ph.SR},
       adsurl = {https://ui.adsabs.harvard.edu/abs/2021arXiv210605247R},
      adsnote = {Provided by the SAO/NASA Astrophysics Data System}
}

@ARTICLE{2011A&A...536A..63B,
       author = {{Bayo}, A. and {Barrado}, D. and {Stauffer}, J. and {Morales-Calder{\'o}n}, M. and {Melo}, C. and {Hu{\'e}lamo}, N. and {Bouy}, H. and {Stelzer}, B. and {Tamura}, M. and {Jayawardhana}, R.},
        title = "{Spectroscopy of very low mass stars and brown dwarfs in the Lambda Orionis star forming region. I. Enlarging the census down to the planetary mass domain in Collinder 69}",
      journal = {\aap},
     keywords = {brown dwarfs, stars: formation, stars: luminosity function, mass function, infrared: stars, stars: low-mass, open clusters and associations: individual: Collinder 69, Astrophysics - Solar and Stellar Astrophysics, Astrophysics - Instrumentation and Methods for Astrophysics},
         year = 2011,
        month = dec,
       volume = {536},
          eid = {A63},
        pages = {A63},
          doi = {10.1051/0004-6361/201116617},
archivePrefix = {arXiv},
       eprint = {1109.4917},
 primaryClass = {astro-ph.SR},
       adsurl = {https://ui.adsabs.harvard.edu/abs/2011A&A...536A..63B},
      adsnote = {Provided by the SAO/NASA Astrophysics Data System}
}

@ARTICLE{2016ApJ...831..125P,
       author = {{Pascucci}, I. and {Testi}, L. and {Herczeg}, G.~J. and {Long}, F. and {Manara}, C.~F. and {Hendler}, N. and {Mulders}, G.~D. and {Krijt}, S. and {Ciesla}, F. and {Henning}, Th. and {Mohanty}, S. and {Drabek-Maunder}, E. and {Apai}, D. and {Sz{\H{u}}cs}, L. and {Sacco}, G. and {Olofsson}, J.},
        title = "{A Steeper than Linear Disk Mass-Stellar Mass Scaling Relation}",
      journal = {\apj},
     keywords = {brown dwarfs, protoplanetary disks, stars: pre-main sequence, submillimeter: planetary systems, Astrophysics - Earth and Planetary Astrophysics, Astrophysics - Solar and Stellar Astrophysics},
         year = 2016,
        month = nov,
       volume = {831},
       number = {2},
          eid = {125},
        pages = {125},
          doi = {10.3847/0004-637X/831/2/125},
archivePrefix = {arXiv},
       eprint = {1608.03621},
 primaryClass = {astro-ph.EP},
       adsurl = {https://ui.adsabs.harvard.edu/abs/2016ApJ...831..125P},
      adsnote = {Provided by the SAO/NASA Astrophysics Data System}
}

@ARTICLE{Ercolano2021,
       author = {{Ercolano}, Barbara and {Picogna}, Giovanni and {Monsch}, Kristina and {Drake}, Jeremy~J. and {Preibisch}, Thomas},
        title = "{The dispersal of protoplanetary discs. -- II: Photoevaporation models with observationally derived irradiating spectra}",
      journal = {\mnras},
         year = 2021
}

@ARTICLE{2021ApJ...910...51K,
       author = {{Komaki}, Ayano and {Nakatani}, Riouhei and {Yoshida}, Naoki},
        title = "{Radiation Hydrodynamics Simulations of Protoplanetary Disks: Stellar Mass Dependence of the Disk Photoevaporation Rate}",
      journal = {\apj},
     keywords = {Protoplanetary disks, Planet formation, Hydrodynamical simulations, Star formation, Interstellar medium, 1300, 1241, 767, 1569, 847, Astrophysics - Earth and Planetary Astrophysics, Astrophysics - Solar and Stellar Astrophysics},
         year = 2021,
        month = mar,
       volume = {910},
       number = {1},
          eid = {51},
        pages = {51},
          doi = {10.3847/1538-4357/abe2af},
archivePrefix = {arXiv},
       eprint = {2012.14852},
 primaryClass = {astro-ph.EP},
       adsurl = {https://ui.adsabs.harvard.edu/abs/2021ApJ...910...51K},
      adsnote = {Provided by the SAO/NASA Astrophysics Data System}
}

@ARTICLE{2012A&A...547A..80B,
       author = {{Bayo}, A. and {Barrado}, D. and {Hu{\'e}lamo}, N. and {Morales-Calder{\'o}n}, M. and {Melo}, C. and {Stauffer}, J. and {Stelzer}, B.},
        title = "{Spectroscopy of very low-mass stars and brown dwarfs in the Lambda Orionis star-forming region. II. Rotation, activity and other properties of spectroscopically confirmed members of Collinder 69}",
      journal = {\aap},
     keywords = {accretion, accretion disks, stars: pre-main sequence, stars: variables: T Tauri, Herbig Ae/Be, brown dwarfs, circumstellar matter, stars: low-mass, Astrophysics - Solar and Stellar Astrophysics},
         year = 2012,
        month = nov,
       volume = {547},
          eid = {A80},
        pages = {A80},
          doi = {10.1051/0004-6361/201219374},
archivePrefix = {arXiv},
       eprint = {1208.6149},
 primaryClass = {astro-ph.SR},
       adsurl = {https://ui.adsabs.harvard.edu/abs/2012A&A...547A..80B},
      adsnote = {Provided by the SAO/NASA Astrophysics Data System}
}

@article{1989AJ.....97.1451S,
  author   = {{Strom}, Karen M. and {Strom}, Stephen E. and {Edwards}, Suzan and {Cabrit}, Sylvie and {Skrutskie}, Michael F.},
  title    = {{Circumstellar Material Associated with Solar-Type Pre-Main-Sequence Stars: A Possible Constraint on the Timescale for Planet Building}},
  journal  = {\aj},
  keywords = {Pre-Main Sequence Stars, Stellar Envelopes, Stellar Spectrophotometry, T Tauri Stars, Frequency Distribution, H Alpha Line, Infrared Spectra, Spectral Energy Distribution, Star Formation, Astrophysics, STARS: CIRCUMSTELLAR SHELLS, STARS: PRE-MAIN-SEQUENCE},
  year     = 1989,
  month    = may,
  volume   = {97},
  pages    = {1451},
  doi      = {10.1086/115085},
  adsurl   = {https://ui.adsabs.harvard.edu/abs/1989AJ.....97.1451S},
  adsnote  = {Provided by the SAO/NASA Astrophysics Data System}
}

@article{2000AJ....120.3162L,
  author        = {{Lada}, Charles J. and {Muench}, August A. and {Haisch}, Karl E., Jr. and {Lada}, Elizabeth A. and {Alves}, Jo{\~a}o F. and {Tollestrup}, Eric V. and {Willner}, S.~P.},
  title         = {{Infrared L-Band Observations of the Trapezium Cluster: A Census of Circumstellar Disks and Candidate Protostars}},
  journal       = {\aj},
  keywords      = {Stars: Circumstellar Matter, Infrared Radiation, Galaxy: Open Clusters and Associations: Individual: Name: Trapezium, Stars: Formation, Astrophysics},
  year          = 2000,
  month         = dec,
  volume        = {120},
  number        = {6},
  pages         = {3162-3176},
  doi           = {10.1086/316848},
  archiveprefix = {arXiv},
  eprint        = {astro-ph/0008280},
  primaryclass  = {astro-ph},
  adsurl        = {https://ui.adsabs.harvard.edu/abs/2000AJ....120.3162L},
  adsnote       = {Provided by the SAO/NASA Astrophysics Data System}
}

@article{2006A&A...451..177B,
  author        = {{Bouy}, H. and {Mart{\'\i}n}, E.~L. and {Brandner}, W. and {Zapatero-Osorio}, M.~R. and {B{\'e}jar}, V.~J.~S. and {Schirmer}, M. and {Hu{\'e}lamo}, N. and {Ghez}, A.~M.},
  title         = {{Multiplicity of very low-mass objects in the Upper Scorpius OB association: a possible wide binary population}},
  journal       = {\aap},
  keywords      = {Astrophysics},
  year          = 2006,
  month         = may,
  volume        = {451},
  number        = {1},
  pages         = {177-186},
  doi           = {10.1051/0004-6361:20054252},
  archiveprefix = {arXiv},
  eprint        = {astro-ph/0512258},
  primaryclass  = {astro-ph},
  adsurl        = {https://ui.adsabs.harvard.edu/abs/2006A&A...451..177B},
  adsnote       = {Provided by the SAO/NASA Astrophysics Data System}
}

@article{2004ApJ...612..496M,
  author        = {{Mamajek}, Eric E. and {Meyer}, Michael R. and {Hinz}, Philip M. and {Hoffmann}, William F. and {Cohen}, Martin and {Hora}, Joseph L.},
  title         = {{Constraining the Lifetime of Circumstellar Disks in the Terrestrial Planet Zone: A Mid-Infrared Survey of the 30 Myr old Tucana-Horologium Association}},
  journal       = {\apj},
  keywords      = {Stars: Circumstellar Matter, Infrared: Stars, Galaxy: Open Clusters and Associations: Individual: Name: Horologium, Galaxy: Open Clusters and Associations: Individual: Name: Tucana, Stars: Planetary Systems: Formation, Stars: Planetary Systems: Protoplanetary Disks, Astrophysics},
  year          = 2004,
  month         = sep,
  volume        = {612},
  number        = {1},
  pages         = {496-510},
  doi           = {10.1086/422550},
  archiveprefix = {arXiv},
  eprint        = {astro-ph/0405271},
  primaryclass  = {astro-ph},
  adsurl        = {https://ui.adsabs.harvard.edu/abs/2004ApJ...612..496M},
  adsnote       = {Provided by the SAO/NASA Astrophysics Data System}
}

@article{2000A&A...358..593S,
  author        = {{Siess}, L. and {Dufour}, E. and {Forestini}, M.},
  title         = {{An internet server for pre-main sequence tracks of low- and intermediate-mass stars}},
  journal       = {\aap},
  keywords      = {EQUATION OF STATE, STARS: EVOLUTION, STARS: HERTZSPRUNG-RUSSEL (HR) AND C-M DIAGRAMS, STARS: PRE-MAIN SEQUENCE, ASTRONOMICAL DATA BASES: MISCELLANEOUS, Astrophysics},
  year          = 2000,
  month         = jun,
  volume        = {358},
  pages         = {593-599},
  archiveprefix = {arXiv},
  eprint        = {astro-ph/0003477},
  primaryclass  = {astro-ph},
  adsurl        = {https://ui.adsabs.harvard.edu/abs/2000A&A...358..593S},
  adsnote       = {Provided by the SAO/NASA Astrophysics Data System}
}

@article{1994ApJ...428..654H,
  author   = {{Hollenbach}, David and {Johnstone}, Doug and {Lizano}, Susana and
         {Shu}, Frank},
  title    = {{Photoevaporation of Disks around Massive Stars and Application to Ultracompact H II Regions}},
  journal  = {\apj},
  keywords = {Astronomical Models, Deposition, Disk Galaxies, Evaporation, Galactic Evolution, H Ii Regions, Massive Stars, Photons, Stellar Winds, Mass Flow, Numerical Analysis, Photoionization, Radiative Transfer, Astrophysics, ACCRETION, ACCRETION DISKS, ISM: H II REGIONS, RADIATIVE TRANSFER, STARS: MASS LOSS},
  year     = 1994,
  month    = jun,
  volume   = {428},
  pages    = {654},
  doi      = {10.1086/174276},
  adsurl   = {https://ui.adsabs.harvard.edu/abs/1994ApJ...428..654H},
  adsnote  = {Provided by the SAO/NASA Astrophysics Data System}
}

@article{2003PASA...20..337L,
  author   = {{Liffman}, Kurt},
  title    = {{The Gravitational Radius of an Irradiated Disk}},
  journal  = {\pasa},
  keywords = {accretion disks, hydrodynamics, circumstellar matter, stars: winds, outflows},
  year     = 2003,
  month    = jan,
  volume   = {20},
  number   = {4},
  pages    = {337-339},
  doi      = {10.1071/AS03019},
  adsurl   = {https://ui.adsabs.harvard.edu/abs/2003PASA...20..337L},
  adsnote  = {Provided by the SAO/NASA Astrophysics Data System}
}

@article{2007A&A...468..353G,
  author        = {{G{\"u}del}, M. and {Briggs}, K.~R. and {Arzner}, K. and {Audard}, M. and
         {Bouvier}, J. and {Feigelson}, E.~D. and {Franciosini}, E. and
         {Glauser}, A. and {Grosso}, N. and {Micela}, G. and {Monin}, J. -L. and
         {Montmerle}, T. and {Padgett}, D.~L. and {Palla}, F. and
         {Pillitteri}, I. and {Rebull}, L. and {Scelsi}, L. and {Silva}, B. and
         {Skinner}, S.~L. and {Stelzer}, B. and {Telleschi}, A.},
  title         = {{The XMM-Newton extended survey of the Taurus molecular cloud (XEST)}},
  journal       = {\aap},
  keywords      = {stars: formation, stars: pre-main sequence, X-rays: stars, gravitational waves, Astrophysics},
  year          = 2007,
  month         = jun,
  volume        = {468},
  number        = {2},
  pages         = {353-377},
  doi           = {10.1051/0004-6361:20065724},
  archiveprefix = {arXiv},
  eprint        = {astro-ph/0609160},
  primaryclass  = {astro-ph},
  adsurl        = {https://ui.adsabs.harvard.edu/abs/2007A&A...468..353G},
  adsnote       = {Provided by the SAO/NASA Astrophysics Data System}
}

@article{2014A&A...561A..54R,
  author        = {{Ribas}, {\'A}lvaro and {Mer{\'\i}n}, Bruno and {Bouy}, Herv{\'e} and
         {Maud}, Luke T.},
  title         = {{Disk evolution in the solar neighborhood. I. Disk frequencies from 1 to 100 Myr}},
  journal       = {\aap},
  keywords      = {protoplanetary disks, stars: formation, planetary systems, stars: pre-main sequence, Astrophysics - Solar and Stellar Astrophysics},
  year          = 2014,
  month         = jan,
  volume        = {561},
  eid           = {A54},
  pages         = {A54},
  doi           = {10.1051/0004-6361/201322597},
  archiveprefix = {arXiv},
  eprint        = {1312.0609},
  primaryclass  = {astro-ph.SR},
  adsurl        = {https://ui.adsabs.harvard.edu/abs/2014A&A...561A..54R},
  adsnote       = {Provided by the SAO/NASA Astrophysics Data System}
}

@article{2019MNRAS.487..691P,
  author        = {{Picogna}, Giovanni and {Ercolano}, Barbara and {Owen}, James E. and
         {Weber}, Michael L.},
  title         = {{The dispersal of protoplanetary discs - I. A new generation of X-ray photoevaporation models}},
  journal       = {\mnras},
  keywords      = {accretion, accretion discs, protoplanetary discs, circumstellar matter, stars: pre-main-sequence, X-rays: stars, Astrophysics - Earth and Planetary Astrophysics, Astrophysics - Instrumentation and Methods for Astrophysics, Astrophysics - Solar and Stellar Astrophysics},
  year          = {2019},
  month         = {Jul},
  volume        = {487},
  number        = {1},
  pages         = {691-701},
  doi           = {10.1093/mnras/stz1166},
  archiveprefix = {arXiv},
  eprint        = {1904.02752},
  primaryclass  = {astro-ph.EP},
  adsurl        = {https://ui.adsabs.harvard.edu/abs/2019MNRAS.487..691P},
  adsnote       = {Provided by the SAO/NASA Astrophysics Data System}
}

@article{1998ApJ...500..411D,
  author        = {{D'Alessio}, Paola and {Cant{\"o}}, Jorge and {Calvet}, Nuria and
         {Lizano}, Susana},
  title         = {{Accretion Disks around Young Objects. I. The Detailed Vertical Structure}},
  journal       = {\apj},
  keywords      = {ACCRETION, ACCRETION DISKS, RADIATIVE TRANSFER, STARS: PRE-MAIN-SEQUENCE, Accretion, Accretion Disks, Radiative Transfer, Stars: Pre-Main-Sequence, Astrophysics},
  year          = {1998},
  month         = {Jun},
  volume        = {500},
  number        = {1},
  pages         = {411-427},
  doi           = {10.1086/305702},
  archiveprefix = {arXiv},
  eprint        = {astro-ph/9806060},
  primaryclass  = {astro-ph},
  adsurl        = {https://ui.adsabs.harvard.edu/abs/1998ApJ...500..411D},
  adsnote       = {Provided by the SAO/NASA Astrophysics Data System}
}

@article{1999ApJ...527..893D,
  author        = {{D'Alessio}, Paola and {Calvet}, Nuria and {Hartmann}, Lee and
         {Lizano}, Susana and {Cant{\'o}}, Jorge},
  title         = {{Accretion Disks around Young Objects. II. Tests of Well-mixed Models with ISM Dust}},
  journal       = {\apj},
  keywords      = {ACCRETION, ACCRETION DISKS, STARS: CIRCUMSTELLAR MATTER, ISM: DUST, EXTINCTION, STARS: PRE-MAIN-SEQUENCE, Accretion, Accretion Disks, Stars: Circumstellar Matter, ISM: Dust, Extinction, stars: pre-main-sequence, Astrophysics},
  year          = {1999},
  month         = {Dec},
  volume        = {527},
  number        = {2},
  pages         = {893-909},
  doi           = {10.1086/308103},
  archiveprefix = {arXiv},
  eprint        = {astro-ph/9907330},
  primaryclass  = {astro-ph},
  adsurl        = {https://ui.adsabs.harvard.edu/abs/1999ApJ...527..893D},
  adsnote       = {Provided by the SAO/NASA Astrophysics Data System}
}

@article{2001ApJ...553..321D,
  author        = {{D'Alessio}, Paola and {Calvet}, Nuria and {Hartmann}, Lee},
  title         = {{Accretion Disks around Young Objects. III. Grain Growth}},
  journal       = {\apj},
  keywords      = {Accretion, Accretion Disks, Stars: Circumstellar Matter, Stars: Formation, Stars: Pre-Main-Sequence, Astrophysics},
  year          = {2001},
  month         = {May},
  volume        = {553},
  number        = {1},
  pages         = {321-334},
  doi           = {10.1086/320655},
  archiveprefix = {arXiv},
  eprint        = {astro-ph/0101443},
  primaryclass  = {astro-ph},
  adsurl        = {https://ui.adsabs.harvard.edu/abs/2001ApJ...553..321D},
  adsnote       = {Provided by the SAO/NASA Astrophysics Data System}
}

@article{2005ApJ...621..461D,
  author        = {{D'Alessio}, Paola and {Hartmann}, Lee and {Calvet}, Nuria and
         {Franco-Hern{\'a}ndez}, Ramiro and {Forrest}, William J. and
         {Sargent}, Ben and {Furlan}, Elise and {Uchida}, Keven and
         {Green}, Joel D. and {Watson}, Dan M. and {Chen}, Christine H. and
         {Kemper}, F. and {Sloan}, G.~C. and {Najita}, Joan},
  title         = {{The Truncated Disk of CoKu Tau/4}},
  journal       = {\apj},
  keywords      = {Stars: Circumstellar Matter, Infrared: Stars, Stars: Planetary Systems: Formation, Stars: Planetary Systems: Protoplanetary Disks, Stars: Pre-Main-Sequence, Astrophysics},
  year          = {2005},
  month         = {Mar},
  volume        = {621},
  number        = {1},
  pages         = {461-472},
  doi           = {10.1086/427490},
  archiveprefix = {arXiv},
  eprint        = {astro-ph/0411522},
  primaryclass  = {astro-ph},
  adsurl        = {https://ui.adsabs.harvard.edu/abs/2005ApJ...621..461D},
  adsnote       = {Provided by the SAO/NASA Astrophysics Data System}
}

@article{2006ApJ...638..314D,
  author        = {{D'Alessio}, Paola and {Calvet}, Nuria and {Hartmann}, Lee and
         {Franco-Hern{\'a}ndez}, Ramiro and {Serv{\'\i}n}, Hermelinda},
  title         = {{Effects of Dust Growth and Settling in T Tauri Disks}},
  journal       = {\apj},
  keywords      = {Accretion, Accretion Disks, Stars: Circumstellar Matter, Stars: Formation, Stars: Pre-Main-Sequence, Astrophysics},
  year          = {2006},
  month         = {Feb},
  volume        = {638},
  number        = {1},
  pages         = {314-335},
  doi           = {10.1086/498861},
  archiveprefix = {arXiv},
  eprint        = {astro-ph/0511564},
  primaryclass  = {astro-ph},
  adsurl        = {https://ui.adsabs.harvard.edu/abs/2006ApJ...638..314D},
  adsnote       = {Provided by the SAO/NASA Astrophysics Data System}
}

@article{2003MNRAS.340.1136E,
  author        = {{Ercolano}, B. and {Barlow}, M.~J. and {Storey}, P.~J. and {Liu}, X. -W.},
  title         = {{MOCASSIN: a fully three-dimensional Monte Carlo photoionization code}},
  journal       = {\mnras},
  keywords      = {atomic processes, ISM: abundances, H II regions, planetary nebulae: general, Astrophysics},
  year          = {2003},
  month         = {Apr},
  volume        = {340},
  number        = {4},
  pages         = {1136-1152},
  doi           = {10.1046/j.1365-8711.2003.06371.x},
  archiveprefix = {arXiv},
  eprint        = {astro-ph/0209378},
  primaryclass  = {astro-ph},
  adsurl        = {https://ui.adsabs.harvard.edu/abs/2003MNRAS.340.1136E},
  adsnote       = {Provided by the SAO/NASA Astrophysics Data System}
}

@article{2005MNRAS.362.1038E,
  author        = {{Ercolano}, B. and {Barlow}, M.~J. and {Storey}, P.~J.},
  title         = {{The dusty MOCASSIN: fully self-consistent 3D photoionization and dust radiative transfer models}},
  journal       = {\mnras},
  keywords      = {radiative transfer, dust, extinction, HII regions, planetary nebulae: general, Astrophysics},
  year          = {2005},
  month         = {Sep},
  volume        = {362},
  number        = {3},
  pages         = {1038-1046},
  doi           = {10.1111/j.1365-2966.2005.09381.x},
  archiveprefix = {arXiv},
  eprint        = {astro-ph/0507050},
  primaryclass  = {astro-ph},
  adsurl        = {https://ui.adsabs.harvard.edu/abs/2005MNRAS.362.1038E},
  adsnote       = {Provided by the SAO/NASA Astrophysics Data System}
}

@article{2008ApJS..175..534E,
  author        = {{Ercolano}, Barbara and {Young}, Peter R. and {Drake}, Jeremy J. and
         {Raymond}, John C.},
  title         = {{X-Ray Enabled MOCASSIN: A Three-dimensional Code for Photoionized Media}},
  journal       = {\apjs},
  keywords      = {plasmas, radiative transfer, Astrophysics},
  year          = {2008},
  month         = {Apr},
  volume        = {175},
  number        = {2},
  pages         = {534-542},
  doi           = {10.1086/524378},
  archiveprefix = {arXiv},
  eprint        = {0710.2103},
  primaryclass  = {astro-ph},
  adsurl        = {https://ui.adsabs.harvard.edu/abs/2008ApJS..175..534E},
  adsnote       = {Provided by the SAO/NASA Astrophysics Data System}
}

@article{2007ApJS..170..228M,
  author        = {{Mignone}, A. and {Bodo}, G. and {Massaglia}, S. and {Matsakos}, T. and
         {Tesileanu}, O. and {Zanni}, C. and {Ferrari}, A.},
  title         = {{PLUTO: A Numerical Code for Computational Astrophysics}},
  journal       = {\apjs},
  keywords      = {Hydrodynamics, Methods: Numerical, Magnetohydrodynamics: MHD, Relativity, Shock Waves, Astrophysics},
  year          = {2007},
  month         = {May},
  volume        = {170},
  number        = {1},
  pages         = {228-242},
  doi           = {10.1086/513316},
  archiveprefix = {arXiv},
  eprint        = {astro-ph/0701854},
  primaryclass  = {astro-ph},
  adsurl        = {https://ui.adsabs.harvard.edu/abs/2007ApJS..170..228M},
  adsnote       = {Provided by the SAO/NASA Astrophysics Data System}
}

@article{2008ApJ...688..398E,
  author        = {{Ercolano}, Barbara and {Drake}, Jeremy J. and {Raymond}, John C. and
         {Clarke}, Cathie C.},
  title         = {{X-Ray-Irradiated Protoplanetary Disk Atmospheres. I. Predicted Emission-Line Spectrum and Photoevaporation}},
  journal       = {\apj},
  keywords      = {accretion, accretion disks, infrared: stars, planetary systems: protoplanetary disks, stars: formation, stars: pre-main sequence, X-rays: stars, Astrophysics},
  year          = {2008},
  month         = {Nov},
  volume        = {688},
  number        = {1},
  pages         = {398-407},
  doi           = {10.1086/590490},
  archiveprefix = {arXiv},
  eprint        = {0805.4625},
  primaryclass  = {astro-ph},
  adsurl        = {https://ui.adsabs.harvard.edu/abs/2008ApJ...688..398E},
  adsnote       = {Provided by the SAO/NASA Astrophysics Data System}
}

@article{2009ApJ...699.1639E,
  author        = {{Ercolano}, Barbara and {Clarke}, Cathie J. and {Drake}, Jeremy J.},
  title         = {{X-Ray Irradiated Protoplanetary Disk Atmospheres. II. Predictions from Models in Hydrostatic Equilibrium}},
  journal       = {\apj},
  keywords      = {accretion, accretion disks, infrared: stars, planetary systems: protoplanetary disks, stars: formation, stars: pre-main sequence, X-rays: stars, Astrophysics - Galaxy Astrophysics, Astrophysics - Solar and Stellar Astrophysics},
  year          = {2009},
  month         = {Jul},
  volume        = {699},
  number        = {2},
  pages         = {1639-1649},
  doi           = {10.1088/0004-637X/699/2/1639},
  archiveprefix = {arXiv},
  eprint        = {0905.1001},
  primaryclass  = {astro-ph.GA},
  adsurl        = {https://ui.adsabs.harvard.edu/abs/2009ApJ...699.1639E},
  adsnote       = {Provided by the SAO/NASA Astrophysics Data System}
}

@article{2000BASI...28..475K,
  author   = {{Kashyap}, V. and {Drake}, J.~J.},
  title    = {{PINTofALE : Package for the interactive analysis of line emission}},
  journal  = {Bulletin of the Astronomical Society of India},
  keywords = {X-RAYS, X-RAY SPECTROSCOPY, STELLAR CORONAE, ANALYSIS METHODS},
  year     = {2000},
  month    = {Jun},
  volume   = {28},
  pages    = {475-476},
  adsurl   = {https://ui.adsabs.harvard.edu/abs/2000BASI...28..475K},
  adsnote  = {Provided by the SAO/NASA Astrophysics Data System}
}

@inbook{2002ASPC..277..585S,
  author    = {{Sanz-Forcada}, J. and {Brickhouse}, N.~S. and {Dupree}, A.~K.},
  title     = {{Quiescent and Flaring Coronal Structure in RS CVn Stars}},
  booktitle = {Stellar Coronae in the Chandra and XMM-NEWTON Era},
  year      = {2002},
  editor    = {{Favata}, Fabio and {Drake}, Jeremy J.},
  volume    = {277},
  series    = {Astronomical Society of the Pacific Conference Series},
  pages     = {585},
  adsurl    = {https://ui.adsabs.harvard.edu/abs/2002ASPC..277..585S},
  adsnote   = {Provided by the SAO/NASA Astrophysics Data System}
}

@article{2007ApJ...660.1462M,
  author        = {{Maggio}, A. and {Flaccomio}, E. and {Favata}, F. and {Micela}, G. and
         {Sciortino}, S. and {Feigelson}, E.~D. and {Getman}, K.~V.},
  title         = {{Coronal Abundances in Orion Nebula Cluster Stars}},
  journal       = {\apj},
  keywords      = {Stars: Activity, Stars: Coronae, Stars: Late-Type, X-Rays: Stars, Astrophysics},
  year          = {2007},
  month         = {May},
  volume        = {660},
  number        = {2},
  pages         = {1462-1479},
  doi           = {10.1086/513088},
  archiveprefix = {arXiv},
  eprint        = {astro-ph/0703439},
  primaryclass  = {astro-ph},
  adsurl        = {https://ui.adsabs.harvard.edu/abs/2007ApJ...660.1462M},
  adsnote       = {Provided by the SAO/NASA Astrophysics Data System}
}

@article{2010MNRAS.401.1415O,
  author        = {{Owen}, J.~E. and {Ercolano}, B. and {Clarke}, C.~J. and {Alexand
        er}, R.~D.},
  title         = {{Radiation-hydrodynamic models of X-ray and EUV photoevaporating protoplanetary discs}},
  journal       = {\mnras},
  keywords      = {accretion, accretion discs, circumstellar matter, planetary systems: protoplanetary discs, stars: pre-main-sequence, X-rays: stars, Astrophysics - Solar and Stellar Astrophysics, Astrophysics - Earth and Planetary Astrophysics},
  year          = {2010},
  month         = {Jan},
  volume        = {401},
  number        = {3},
  pages         = {1415-1428},
  doi           = {10.1111/j.1365-2966.2009.15771.x},
  archiveprefix = {arXiv},
  eprint        = {0909.4309},
  primaryclass  = {astro-ph.SR},
  adsurl        = {https://ui.adsabs.harvard.edu/abs/2010MNRAS.401.1415O},
  adsnote       = {Provided by the SAO/NASA Astrophysics Data System}
}

@article{2012MNRAS.422.1880O,
  author        = {{Owen}, James E. and {Clarke}, Cathie J. and {Ercolano}, Barbara},
  title         = {{On the theory of disc photoevaporation}},
  journal       = {\mnras},
  keywords      = {accretion, accretion discs, circumstellar matter, protoplanetary discs, planetary systems, stars: pre-main-sequence, X-rays: stars, Astrophysics - Solar and Stellar Astrophysics},
  year          = 2012,
  month         = may,
  volume        = {422},
  number        = {3},
  pages         = {1880-1901},
  doi           = {10.1111/j.1365-2966.2011.20337.x},
  archiveprefix = {arXiv},
  eprint        = {1112.1087},
  primaryclass  = {astro-ph.SR},
  adsurl        = {https://ui.adsabs.harvard.edu/abs/2012MNRAS.422.1880O},
  adsnote       = {Provided by the SAO/NASA Astrophysics Data System}
}

@inbook{2005ASPC..336...25A,
  author    = {{Asplund}, M. and {Grevesse}, N. and {Sauval}, A.~J.},
  title     = {{The Solar Chemical Composition}},
  booktitle = {Cosmic Abundances as Records of Stellar Evolution and Nucleosynthesis},
  year      = {2005},
  editor    = {{Barnes}, Thomas G., III and {Bash}, Frank N.},
  volume    = {336},
  series    = {Astronomical Society of the Pacific Conference Series},
  pages     = {25},
  adsurl    = {https://ui.adsabs.harvard.edu/abs/2005ASPC..336...25A},
  adsnote   = {Provided by the SAO/NASA Astrophysics Data System}
}

@article{1996ApJ...470..893S,
  author   = {{Savage}, Blair D. and {Sembach}, Kenneth R.},
  title    = {{Interstellar Gas-Phase Abundances and Physical Conditions toward Two Distant High-Latitude Halo Stars}},
  journal  = {\apj},
  keywords = {GALAXY: HALO, ISM: ABUNDANCES, STARS: INDIVIDUAL HENRY DRAPER NUMBER: HD 18100, STARS: INDIVIDUAL HENRY DRAPER NUMBER: HD 100340, ULTRAVIOLET: ISM},
  year     = {1996},
  month    = {Oct},
  volume   = {470},
  pages    = {893},
  doi      = {10.1086/177919},
  adsurl   = {https://ui.adsabs.harvard.edu/abs/1996ApJ...470..893S},
  adsnote  = {Provided by the SAO/NASA Astrophysics Data System}
}

@article{2019MNRAS.490.5596W,
  author        = {{W{\"o}lfer}, Lisa and {Picogna}, Giovanni and {Ercolano}, Barbara and
         {van Dishoeck}, Ewine F.},
  title         = {{Radiation-hydrodynamical models of X-ray photoevaporation in carbon-depleted circumstellar discs}},
  journal       = {\mnras},
  keywords      = {protoplanetary discs, Astrophysics - Earth and Planetary Astrophysics, Astrophysics - Instrumentation and Methods for Astrophysics, Astrophysics - Solar and Stellar Astrophysics},
  year          = {2019},
  month         = {Dec},
  volume        = {490},
  number        = {4},
  pages         = {5596-5614},
  doi           = {10.1093/mnras/stz2939},
  archiveprefix = {arXiv},
  eprint        = {1910.08565},
  primaryclass  = {astro-ph.EP},
  adsurl        = {https://ui.adsabs.harvard.edu/abs/2019MNRAS.490.5596W},
  adsnote       = {Provided by the SAO/NASA Astrophysics Data System}
}
